%% This BibTeX bibliography file was created using BibDesk.
%% http://bibdesk.sourceforge.net/


%% Created for Joao Couto at 2013-02-11 15:34:44 +0100 


%% Saved with string encoding Unicode (UTF-8) 



@book{wallisch2011,
	Author = {Wallisch, P.},
	Date-Added = {2013-02-11 14:34:25 +0000},
	Date-Modified = {2013-02-11 14:34:39 +0000},
	Isbn = {9780123838360},
	Publisher = {Academic Press},
	Series = {Neuroscience 2011},
	Title = {Matlab for Neuroscientists},
	Url = {http://books.google.be/books?id=K3zFygAACAAJ},
	Bdsk-Url-1 = {http://books.google.be/books?id=K3zFygAACAAJ}}

@article{Brette:2008,
	Author = {Brette, Romain and Piwkowska, Zuzanna and Monier, Cyril and Rudolph-Lilith, Michelle and Fournier, Julien and Levy, Manuel and Fr{\'e}gnac, Yves and Bal, Thierry and Destexhe, Alain},
	Date-Added = {2013-02-08 16:27:02 +0000},
	Date-Modified = {2013-02-08 16:39:01 +0000},
	Journal = {Neuron},
	Month = aug,
	Number = {3},
	Pages = {379--391},
	Title = {{High-resolution intracellular recordings using a real-time computational model of the electrode.}},
	Volume = {59},
	Year = {2008}}

@article{Wallach:2011gi,
	Author = {Wallach, Avner},
	Date-Added = {2013-02-08 11:57:19 +0000},
	Date-Modified = {2013-02-08 11:57:19 +0000},
	Month = apr,
	Pages = {1--10},
	Title = {{Neuronal response clamp}},
	Year = {2011}}

@book{Dayan:2005uy,
	Author = {Dayan, Peter and Abbott, Laurence F},
	Date-Added = {2013-02-08 11:57:13 +0000},
	Date-Modified = {2013-02-08 11:57:13 +0000},
	Publisher = {MIT Press (MA)},
	Series = {Computational And Mathematical Modeling of Neural Systems},
	Title = {{Theoretical Neuroscience}},
	Year = {2005}}

@book{Koch:1989,
	Date-Added = {2013-02-08 11:55:50 +0000},
	Date-Modified = {2013-02-08 16:39:12 +0000},
	Editor = {Koch, Christof and Segev, Idan},
	Month = jun,
	Publisher = {The MIT Press},
	Title = {{Methods in Neuronal Modeling: From Synapses to Networks (Computational Neuroscience)}},
	Year = {1989}}
